@book{alexandrov,
title={Выпуклые многогранники},
author={Александров, А. Д.},
year={1950},
language={russian},
hyphenation={english},
addendum={[English translation: Alexandrov, A. D., \emph{Convex polyhedra,} 2005]}
}

@book{alexandrov-1948,
title={Внутренняя геометрия выпуклых поверхностей},
author={Александров, А. Д.},
year={1948},
language={russian},
hyphenation={russian}
}


@article {alexandrov-1941,
    AUTHOR = {Александров, А. Д.},
     TITLE = {Существование выпуклого многогранника и выпуклой поверхности с заданной метрикой},
   JOURNAL = {Матем. сб.},
    VOLUME = {11(53)},
      YEAR = {1942},
    NUMBER = {1-2},
     PAGES = {15---65},
     language={russian},
hyphenation={russian},
}

@article{alexandrov-1941convex,
  title={Внутренняя геометрия произвольной выпуклой поверхности},
  author={Александров, А. Д.},
  booktitle={Докл. АН СССР},
  volume={32},
  number = {7},
  year={1941},
  pages = {467---470},
     language={russian},
hyphenation={russian},
}

@article{alexandrov-1946,
  title={О склеивании выпуклых поверхностей},
  author={Александров, А. Д.},
  booktitle={Докл. АН СССР},
  volume={54},
  number = {2},
  year={1946},
  pages = {99---102},
     language={russian},
hyphenation={russian},
}

@article{liberman,
  title={Геодезические линии на выпуклых поверхностях},
  author={Либерман, И. М.},
  booktitle={Докл. АН СССР},
  volume={32},
  number={2},
  pages={310---312},
  year={1941},
     language={russian},
hyphenation={russian},
}

@article{milka1982,
  title={Геодезические и кратчайшие линии на выпуклых гиперповерхностях. I},
  author={Милка, А. Д.},
  journal={Украин. геом. сб.},
  number={25},
  pages={95---110},
  year={1982},
     language={russian},
hyphenation={russian},
}

@article{toponogov-globalization+splitting,
  title={Римановы пространства кривизны, ограниченной снизу},
  author={Топоногов, В. А.},
  journal={Успехи математических наук},
  volume={14},
  number={1 (85)},
  pages={87---130},
  year={1959},  
  MRNUMBER = {0103510},
language={russian},
hyphenation={russian}
}

@article {alexander-berg-bishop,
    AUTHOR = {Alexander, S. and Berg, D. and Bishop, R.},
     TITLE = {Geometric curvature bounds in {R}iemannian manifolds with
              boundary},
   JOURNAL = {Trans. Amer. Math. Soc.},
  FJOURNAL = {Transactions of the American Mathematical Society},
    VOLUME = {339},
      YEAR = {1993},
    NUMBER = {2},
     PAGES = {703--716},
      ISSN = {0002-9947},
   MRCLASS = {53C21 (53C20)},
  MRNUMBER = {1113693},
MRREVIEWER = {I. G. Nikolaev},
       DOI = {10.2307/2154294},
       URL = {https://doi.org/10.2307/2154294},
}

@article {alexander-bishop,
    AUTHOR = {Alexander, S. and Bishop, R.},
     TITLE = {Warped products of {H}adamard spaces},
   JOURNAL = {Ma\-nu\-scrip\-ta Math.},
  FJOURNAL = {Manuscripta Mathematica},
    VOLUME = {96},
      YEAR = {1998},
    NUMBER = {4},
     PAGES = {487--505},
      ISSN = {0025-2611},
   MRCLASS = {53C70 (53C20)},
  MRNUMBER = {1639844},
MRREVIEWER = {Joseph E. Borzellino},
       DOI = {10.1007/s002290050078},
       URL = {https://doi.org/10.1007/s002290050078},
}

@article {alexander-bishop2004,
    AUTHOR = {Alexander, S. and Bishop, R.},
     TITLE = {Curvature bounds for warped products of metric spaces},
   JOURNAL = {Geom. Funct. Anal.},
  FJOURNAL = {Geometric and Functional Analysis},
    VOLUME = {14},
      YEAR = {2004},
    NUMBER = {6},
     PAGES = {1143--1181},
      ISSN = {1016-443X,1420-8970},
   MRCLASS = {53C23},
  MRNUMBER = {2135163},
MRREVIEWER = {Mario\ Bonk},
       DOI = {10.1007/s00039-004-0487-2},
       URL = {https://doi.org/10.1007/s00039-004-0487-2},
}

@article {alexander-bishop-1990,
    AUTHOR = {Alexander, S. and Bishop, R.},
     TITLE = {The {H}adamard--{C}artan theorem in locally convex metric
              spaces},
   JOURNAL = {Enseign. Math. (2)},
  FJOURNAL = {L'Enseignement Math\'{e}matique. Revue Internationale. 2e S\'{e}rie},
    VOLUME = {36},
      YEAR = {1990},
    NUMBER = {3-4},
     PAGES = {309--320},
      ISSN = {0013-8584},
   MRCLASS = {53C70 (53C22)},
  MRNUMBER = {1096422},
MRREVIEWER = {Werner Ballmann},
}


@book {alexander-kapovitch-petrunin-2019,
    AUTHOR = {Alexander, S. and Kapovitch, V. and Petrunin, A.},
     TITLE = {An invitation to {A}lexandrov geometry: CAT(0) spaces},
      YEAR = {2019},
      SERIES = {SpringerBriefs in Mathematics},
       URL = {https://doi.org/10.1007/978-3-030-05312-3},
}

@book{alexander-kapovitch-petrunin2024,
    AUTHOR = {Alexander, S. and Kapovitch, V. and Petrunin,
              A.},
     TITLE = {Alexandrov geometry---foundations},
    SERIES = {Graduate Studies in Mathematics},
    VOLUME = {236},
 %PUBLISHER = {American Mathematical Society, Providence, RI},
      YEAR = {2024},
     %PAGES = {xvii+282},
      ISBN = {[9781470473020]; [9781470475369]; [9781470475352]},
   MRCLASS = {53C23 (30 53-02 53C45)},
  MRNUMBER = {4734965},
}

@article{alexandrov:def,
author = {Alexandroff, A.},
journal = {C. R. (Doklady) Acad. Sci. URSS (N.S.)},
mrclass = {53.0X},
mrnumber = {0009146},
mrreviewer = {A. B. Brown},
pages = {467--470},
title = {The inner geometry of an arbitrary convex surface},
volume = {32},
year = {1941}}

@book{kiselyov,
title={Геометрия по Киселёву}, 
author={Киселёв, А. П.},
year={2021},
language={russian},
hyphenation={russian} 
}

@book{kiselev-stereo-en,
  title={Kiselev's Geometry: Stereometry},
  author={Kiselev, A. P.},
  year={2008},
 % publisher={Sumizdat}
}

@article {alexandrov-1957,
    AUTHOR = {Alexandrow, A. D.},
     TITLE = {\"{U}ber eine {V}erallgemeinerung der {R}iemannschen {G}eometrie},
   JOURNAL = {Schr. Forschungsinst. Math.},
  FJOURNAL = {Schriftenreihe des Forschungsinstituts f\"{u}r Mathematik},
    VOLUME = {1},
      YEAR = {1957},
     PAGES = {33--84},
      ISSN = {0863-1700},
   MRCLASS = {50.0X},
  MRNUMBER = {87119},
MRREVIEWER = {H. Busemann},
}

@book {pogorelov,
    AUTHOR = {Погорелов, А. В.},
     TITLE = {Однозначная определённость общих выпуклых поверхностей},
    SERIES = {Монографии института математики, вып. II},
 %PUBLISHER = {Akad. Nauk Ukrainsko\u{\i} SSR, Kiev},
      YEAR = {1952},
  %   PAGES = {69},
   MRCLASS = {52.0X},
  MRNUMBER = {0063681},
MRREVIEWER = {H. Busemann},
language={russian},
hyphenation={russian} 
}

@book {tabacnikov-fuks,
    AUTHOR = {Fuchs, D. and Tabachnikov, S.},
     TITLE = {Mathematical omnibus},
      NOTE = {Thirty lectures on classic mathematics},
 %PUBLISHER = {American Mathematical Society, Providence, RI},
      YEAR = {2007},
     %PAGES = {xvi+463},
      ISBN = {978-0-8218-4316-1},
   MRCLASS = {00A05 (00A08 51-02)},
  MRNUMBER = {2350979},
MRREVIEWER = {Rade\ \v{Z}ivaljevi\'{c}},
       DOI = {10.1090/mbk/046},
       URL = {https://doi.org/10.1090/mbk/046},
addendum={[Русский перевод: Табачников, С. Л., Фукс, Д. Б. «Математический дивертисмент» 2016]}
}

@book{aigner-zigler,
  title={Proofs from the Book},
  author={Aigner, M. and Ziegler, G.},
  note={Any edition}
}

@book{dolbilin,
title={Жемчужины теории многогранников}, 
author={Долбилин, Н. П.},
year={2000},
language={russian},
hyphenation={russian} 
}




@article {zalgaller,
    AUTHOR = {Залгаллер, В. А.},
     TITLE = {О деформациях многоугольника на сфере},
   JOURNAL = {УМН},
    VOLUME = {11},
      YEAR = {1956},
    NUMBER = {5(71)},
     PAGES = {177--178},
language={russian},
hyphenation={russian} 
}



@article {volkov,
    AUTHOR = {Волков, Ю. А.},
     TITLE = {Существование многогранника с данной разверткой},
   JOURNAL = {Зап. научн. сем. ПОМИ},
    VOLUME = {},
      YEAR = {2018},
    NUMBER = {},
     PAGES = {50---78},
     language={russian},
hyphenation={russian},
}

@article{alexandrov-1957-ruled-surfaces,
  title={Линейчатые поверхности в метрических пространствах},
  author={Александров, А. Д.},
  journal={Вестник ЛГУ},
  volume={2},
  pages={15--44},
  year={1957},
  language={russian},
hyphenation={russian}
}


@article{alexandrov:devel,
author = {Alexandrow, A. D.},
journal = {Schr. Forschungsinst. Math.},
mrclass = {50.0X},
mrnumber = {0087119},
mrreviewer = {H. Busemann},
pages = {33--84},
title = {\"{U}ber eine {V}erallgemeinerung der {R}iemannschen {G}eometrie},
volume = {1},
year = {1957}}

@article {andersson-howard,
    AUTHOR = {Andersson, L. and Howard, R.},
     TITLE = {Comparison and rigidity theorems in semi-{R}iemannian
              geometry},
   JOURNAL = {Comm. Anal. Geom.},
  FJOURNAL = {Communications in Analysis and Geometry},
    VOLUME = {6},
      YEAR = {1998},
    NUMBER = {4},
     PAGES = {819--877},
      ISSN = {1019-8385},
   MRCLASS = {53C24 (53C50)},
  MRNUMBER = {1664893},
MRREVIEWER = {Miguel S\'{a}nchez},
       DOI = {10.4310/CAG.1998.v6.n4.a8},
       URL = {https://doi.org/10.4310/CAG.1998.v6.n4.a8},
}

@incollection {ancel-davis-guilbault,
    AUTHOR = {Ancel, F. D. and Davis, M. W. and Guilbault, C. R.},
     TITLE = {CAT(0) reflection manifolds},
 BOOKTITLE = {Geometric topology ({A}thens, {GA}, 1993)},
    SERIES = {AMS/IP Stud. Adv. Math.},
    VOLUME = {2},
     PAGES = {441--445},
 PUBLISHER = {Amer. Math. Soc., Providence, RI},
      YEAR = {1997},
   MRCLASS = {57S30 (57Q99)},
  MRNUMBER = {1470741},
MRREVIEWER = {R. J. Daverman},
}

@book {ballmann-1995,
    AUTHOR = {Ballmann, W.},
     TITLE = {Lectures on spaces of nonpositive curvature},
    SERIES = {DMV Seminar},
    VOLUME = {25},
      NOTE = {With an appendix by Misha Brin},
 %PUBLISHER = {Birkh\"{a}user Verlag, Basel},
      YEAR = {1995},
     %PAGES = {viii+112},
      ISBN = {3-7643-5242-6},
   MRCLASS = {53C21 (58F17)},
  MRNUMBER = {1377265},
MRREVIEWER = {Boris Hasselblatt},
       DOI = {10.1007/978-3-0348-9240-7},
       URL = {https://doi.org/10.1007/978-3-0348-9240-7},
}

@book{ballmann:lectures,
author = {Ballmann, W.},
doi = {10.1007/978-3-0348-9240-7},
isbn = {3-7643-5242-6},
mrclass = {53C21 (58F17)},
mrnumber = {1377265},
mrreviewer = {Boris Hasselblatt},
note = {With an appendix by Misha Brin},
series = {DMV Seminar},
title = {Lectures on spaces of nonpositive curvature},
url = {https://doi.org/10.1007/978-3-0348-9240-7},
volume = {25},
year = {1995},
bdsk-url-1 = {https://doi.org/10.1007/978-3-0348-9240-7}}

@article {berestovskii,
    AUTHOR = {Berestovskii, V. N.},
     TITLE = {Spaces with bounded curvature and distance geometry},
   JOURNAL = {Sibirsk. Mat. Zh.},
  FJOURNAL = {Akademiya Nauk SSSR. Sibirskoe Otdelenie. Sibirski\u{\i} Matematicheski\u{\i} Zhurnal},
    VOLUME = {27},
      YEAR = {1986},
    NUMBER = {1},
     PAGES = {11--25, 197},
      ISSN = {0037-4474},
   MRCLASS = {53C70 (51K05)},
  MRNUMBER = {847410},
MRREVIEWER = {A.\ V.\ Pogorelov},
}

@article {billera-holmes-vogtmann,
    AUTHOR = {Billera, L. and Holmes, S. and Vogtmann, K.},
     TITLE = {Geometry of the space of phylogenetic trees},
   JOURNAL = {Adv. in Appl. Math.},
  FJOURNAL = {Advances in Applied Mathematics},
    VOLUME = {27},
      YEAR = {2001},
    NUMBER = {4},
     PAGES = {733--767},
      ISSN = {0196-8858},
   MRCLASS = {05C90 (92B10)},
  MRNUMBER = {1867931},
MRREVIEWER = {Charles A. Semple},
       DOI = {10.1006/aama.2001.0759},
       URL = {https://doi.org/10.1006/aama.2001.0759},
}

@article {bishop,
    AUTHOR = {Bishop, R.},
     TITLE = {The intrinsic geometry of a {J}ordan domain},
   JOURNAL = {Int. Electron. J. Geom.},
  FJOURNAL = {International Electronic Journal of Geometry},
    VOLUME = {1},
      YEAR = {2008},
    NUMBER = {2},
     PAGES = {33--39},
   MRCLASS = {53C70 (53C45)},
  MRNUMBER = {2443734},
MRREVIEWER = {Daniel P. Groves},
}

@article{bishop1964,
  title={A relation between volume, mean curvature and diameter},
  author={Bishop, Richard L},
  JOURNAL = {Amer. Math. Soc. Not.},
      VOLUME = {10},
      YEAR = {1963},
     PAGES = {364},
}

@book {bishop-crittenden,
    AUTHOR = {Bishop, R. L. and Crittenden, R. J.},
     TITLE = {Geometry of manifolds},
    SERIES = {Pure and Applied Mathematics},
    VOLUME = {Vol. XV},
 %PUBLISHER = {Academic Press, New York-London},
      YEAR = {1964},
  %   PAGES = {ix+273},
   MRCLASS = {53.00},
  MRNUMBER = {169148},
MRREVIEWER = {W.\ Klingenberg},
}

@incollection {bowditch,
    AUTHOR = {Bowditch, B. H.},
     TITLE = {Notes on locally {CAT}(1) spaces},
 BOOKTITLE = {Geometric group theory ({C}olumbus, {OH}, 1992)},
    SERIES = {Ohio State Univ. Math. Res. Inst. Publ.},
    VOLUME = {3},
     PAGES = {1--48},
 PUBLISHER = {de Gruyter, Berlin},
      YEAR = {1995},
   MRCLASS = {53C21 (53C20 57M99)},
  MRNUMBER = {1355101},
}

@article {bowditch-2020,
    AUTHOR = {Bowditch, B.},
     TITLE = {Median and injective metric spaces},
   JOURNAL = {Math. Proc. Cambridge Philos. Soc.},
  FJOURNAL = {Mathematical Proceedings of the Cambridge Philosophical
              Society},
    VOLUME = {168},
      YEAR = {2020},
    NUMBER = {1},
     PAGES = {43--55},
      ISSN = {0305-0041},
   MRCLASS = {54E35},
  MRNUMBER = {4043820},
       DOI = {10.1017/s0305004118000555},
       URL = {https://doi.org/10.1017/s0305004118000555},
}

@book {bridson-haefliger,
    AUTHOR = {Bridson, M. and Haefliger, A.},
     TITLE = {Metric spaces of non-positive curvature},
    SERIES = {Grundlehren der Mathematischen Wissenschaften},
    VOLUME = {319},
 %PUBLISHER = {Springer-Verlag, Berlin},
      YEAR = {1999},
 %    PAGES = {xxii+643},
      ISBN = {3-540-64324-9},
   MRCLASS = {53C23 (20F65 53C70 57M07)},
  MRNUMBER = {1744486},
MRREVIEWER = {Athanase Papadopoulos},
       DOI = {10.1007/978-3-662-12494-9},
       URL = {https://doi.org/10.1007/978-3-662-12494-9},
}

@article {brue-mondino-semola,
    AUTHOR = {Bru\`e, E. and Mondino, A. and Semola, D.},
     TITLE = {The metric measure boundary of spaces with {R}icci curvature
              bounded below},
   JOURNAL = {Geom. Funct. Anal.},
  FJOURNAL = {Geometric and Functional Analysis},
    VOLUME = {33},
      YEAR = {2023},
    NUMBER = {3},
     PAGES = {593--636},
      ISSN = {1016-443X,1420-8970},
   MRCLASS = {53C23 (53C21)},
  MRNUMBER = {4597638},
MRREVIEWER = {Mathias\ Viktor Joachim Braun},
       DOI = {10.1007/s00039-023-00626-x},
       URL = {https://doi.org/10.1007/s00039-023-00626-x},
}

@inproceedings {burago-1998,
    AUTHOR = {Burago, D.},
     TITLE = {Hard balls gas and {A}lexandrov spaces of curvature bounded
              above},
 BOOKTITLE = {Proceedings of the {I}nternational {C}ongress of
              {M}athematicians, {V}ol. {II} ({B}erlin, 1998)},
   JOURNAL = {Doc. Math.},
  FJOURNAL = {Documenta Mathematica},
      YEAR = {1998},
    NUMBER = {Extra Vol. II},
     PAGES = {289--298},
      ISSN = {1431-0635},
   MRCLASS = {53C23 (58F17)},
  MRNUMBER = {1648079},
MRREVIEWER = {Anton Petrunin},
}

@article {burago-ferleger-kononenko-1997,
    AUTHOR = {Burago, D. and Ferleger, S. and Kononenko, A.},
     TITLE = {Uniform estimates on the number of collisions in
              semi-dispersing billiards},
   JOURNAL = {Ann. of Math. (2)},
  FJOURNAL = {Annals of Mathematics. Second Series},
    VOLUME = {147},
      YEAR = {1998},
    NUMBER = {3},
     PAGES = {695--708},
      ISSN = {0003-486X},
   MRCLASS = {58F11 (58F99 70F10 70F35)},
  MRNUMBER = {1637663},
MRREVIEWER = {Nikolai Chernov},
       DOI = {10.2307/120962},
       URL = {https://doi.org/10.2307/120962},
}

@article {burago-ferleger-kononenko-1998,
    AUTHOR = {Burago, D. and Ferleger, S. and Kononenko, A.},
     TITLE = {Topological entropy of semi-dispersing billiards},
   JOURNAL = {Ergodic Theory Dynam. Systems},
  FJOURNAL = {Ergodic Theory and Dynamical Systems},
    VOLUME = {18},
      YEAR = {1998},
    NUMBER = {4},
     PAGES = {791--805},
      ISSN = {0143-3857},
   MRCLASS = {58F17 (58F22)},
  MRNUMBER = {1645377},
MRREVIEWER = {Valery Covachev},
       DOI = {10.1017/S0143385798108246},
       URL = {https://doi.org/10.1017/S0143385798108246},
}

@article {burago-grigoriev-slissenko,
    AUTHOR = {Burago, D. and Grigoriev, D. and Slissenko, A.},
     TITLE = {Approximating shortest path for the skew lines problem in time
              doubly logarithmic in 1/epsilon},
   JOURNAL = {Theoret. Comput. Sci.},
  FJOURNAL = {Theoretical Computer Science},
    VOLUME = {315},
      YEAR = {2004},
    NUMBER = {2-3},
     PAGES = {371--404},
      ISSN = {0304-3975},
   MRCLASS = {68Q25 (52B55 68U05 68W40)},
  MRNUMBER = {2073058},
       DOI = {10.1016/j.tcs.2004.01.014},
       URL = {https://doi.org/10.1016/j.tcs.2004.01.014},
}

@article {burago-ivanov,
    AUTHOR = {Burago, D. and Ivanov, S.},
     TITLE = {Examples of exponentially many collisions in a hard ball
              system},
   JOURNAL = {Ergodic Theory Dynam. Systems},
  FJOURNAL = {Ergodic Theory and Dynamical Systems},
    VOLUME = {41},
      YEAR = {2021},
    NUMBER = {9},
     PAGES = {2754--2769},
      ISSN = {0143-3857},
   MRCLASS = {70F35 (37C83)},
  MRNUMBER = {4297071},
MRREVIEWER = {Carlo Bianca},
       DOI = {10.1017/etds.2020.54},
       URL = {https://doi.org/10.1017/etds.2020.54},
}

@article {buyalo,
    AUTHOR = {Buyalo, S. V.},
     TITLE = {Volume and fundamental group of a manifold of nonpositive
              curvature},
   JOURNAL = {Mat. Sb. (N.S.)},
  FJOURNAL = {Matematicheski\u{\i} Sbornik. Novaya Seriya},
    VOLUME = {122(164)},
      YEAR = {1983},
    NUMBER = {2},
     PAGES = {142--156},
      ISSN = {0368-8666},
   MRCLASS = {53C20},
  MRNUMBER = {717671},
}

@article{busemann-CBA,
    AUTHOR = {Busemann, H.},
     TITLE = {Spaces with non-positive curvature},
   JOURNAL = {Acta Math.},
  FJOURNAL = {Acta Mathematica},
    VOLUME = {80},
      YEAR = {1948},
     PAGES = {259--310},
      ISSN = {0001-5962},
   MRCLASS = {53.0X},
  MRNUMBER = {29531},
MRREVIEWER = {J. J. Stoker},
       DOI = {10.1007/BF02393651},
       URL = {https://doi.org/10.1007/BF02393651},
}

@book {cartan,
    AUTHOR = {Cartan, \'{E}.},
     TITLE = {Le\c{c}ons sur la {G}\'{e}om\'{e}trie des {E}spaces de {R}iemann}, 
      YEAR = {1928},    
}

@article {charney-davis-1993,
    AUTHOR = {Charney, R. and Davis, M.},
     TITLE = {Singular metrics of nonpositive curvature on branched covers
              of {R}iemannian manifolds},
   JOURNAL = {Amer. J. Math.},
  FJOURNAL = {American Journal of Mathematics},
    VOLUME = {115},
      YEAR = {1993},
    NUMBER = {5},
     PAGES = {929--1009},
      ISSN = {0002-9327},
   MRCLASS = {53C23 (57M12)},
  MRNUMBER = {1246182},
MRREVIEWER = {Athanase Papadopoulos},
       DOI = {10.2307/2375063},
       URL = {https://doi.org/10.2307/2375063},
}

@article {charney-davis-1995,
    AUTHOR = {Charney, R. and Davis, M.},
     TITLE = {Strict hyperbolization},
   JOURNAL = {Topology},
  FJOURNAL = {Topology. An International Journal of Mathematics},
    VOLUME = {34},
      YEAR = {1995},
    NUMBER = {2},
     PAGES = {329--350},
      ISSN = {0040-9383},
   MRCLASS = {57Q05 (53C23)},
  MRNUMBER = {1318879},
MRREVIEWER = {Colin C. Adams},
       DOI = {10.1016/0040-9383(94)00027-I},
       URL = {https://doi.org/10.1016/0040-9383(94)00027-I},
}

@article{cheeger-colding-alm-rigidity,
	author = {Cheeger, J. and Colding, T.},
	date-added = {2022-01-12 17:39:29 -0500},
	date-modified = {2022-01-12 17:39:51 -0500},
	doi = {10.2307/2118589},
	fjournal = {Annals of Mathematics. Second Series},
	issn = {0003-486X},
	journal = {Ann. of Math. (2)},
	mrclass = {53C21 (53C20 53C23)},
	mrnumber = {1405949},
	mrreviewer = {Joseph E. Borzellino},
	number = {1},
	pages = {189--237},
	title = {Lower bounds on {R}icci curvature and the almost rigidity of warped products},
	url = {https://doi-org.myaccess.library.utoronto.ca/10.2307/2118589},
	volume = {144},
	year = {1996},
	bdsk-url-1 = {https://doi-org.myaccess.library.utoronto.ca/10.2307/2118589},
	bdsk-url-2 = {https://doi.org/10.2307/2118589}}

@article{cheeger-gromoll-split,
author = {Cheeger, J. and Gromoll, D.},
fjournal = {Journal of Differential Geometry},
issn = {0022-040X},
journal = {J. Differential Geometry},
mrclass = {53C20},
mrnumber = {0303460},
mrreviewer = {J. R. Vanstone},
pages = {119--128},
title = {The splitting theorem for manifolds of nonnegative {R}icci curvature},
url = {http://projecteuclid.org/euclid.jdg/1214430220},
volume = {6},
year = {1971/72},
bdsk-url-1 = {http://projecteuclid.org/euclid.jdg/1214430220}}

@article {davis-1983,
    AUTHOR = {Davis, M.},
     TITLE = {Groups generated by reflections and aspherical manifolds not
              covered by {E}uclidean space},
   JOURNAL = {Ann. of Math. (2)},
  FJOURNAL = {Annals of Mathematics. Second Series},
    VOLUME = {117},
      YEAR = {1983},
    NUMBER = {2},
     PAGES = {293--324},
      ISSN = {0003-486X},
   MRCLASS = {57S30 (20F38 51F15)},
  MRNUMBER = {690848},
MRREVIEWER = {Boris N. Apanasov},
       DOI = {10.2307/2007079},
       URL = {https://doi.org/10.2307/2007079},
}

@incollection {davis-2001,
    AUTHOR = {Davis, M.},
     TITLE = {Exotic aspherical manifolds},
 BOOKTITLE = {Topology of high-dimensional manifolds, {N}o. 1, 2 ({T}rieste,
              2001)},
    SERIES = {ICTP Lect. Notes},
    VOLUME = {9},
     PAGES = {371--404},
 PUBLISHER = {Abdus Salam Int. Cent. Theoret. Phys., Trieste},
      YEAR = {2002},
   MRCLASS = {57P99 (57Q99 57R55)},
  MRNUMBER = {1937019},
}

@article {davis-januszkiewicz,
    AUTHOR = {Davis, M. and Januszkiewicz, T.},
     TITLE = {Hyperbolization of polyhedra},
   JOURNAL = {J. Differential Geom.},
  FJOURNAL = {Journal of Differential Geometry},
    VOLUME = {34},
      YEAR = {1991},
    NUMBER = {2},
     PAGES = {347--388},
      ISSN = {0022-040X},
   MRCLASS = {57Q05 (53C20)},
  MRNUMBER = {1131435},
MRREVIEWER = {Werner Ballmann},
       URL = {http://projecteuclid.org/euclid.jdg/1214447212},
}

@article {davis-januszkiewicz-lafont,
    AUTHOR = {Davis, M. and Januszkiewicz, T. and Lafont, J.-F.},
     TITLE = {4-dimensional locally {CAT}(0)-manifolds with no
              {R}iemannian smoothings},
   JOURNAL = {Duke Math. J.},
  FJOURNAL = {Duke Mathematical Journal},
    VOLUME = {161},
      YEAR = {2012},
    NUMBER = {1},
     PAGES = {1--28},
      ISSN = {0012-7094},
   MRCLASS = {53C23 (20F67 53C21)},
  MRNUMBER = {2872552},
MRREVIEWER = {Tetsu Toyoda},
       DOI = {10.1215/00127094-1507259},
       URL = {https://doi.org/10.1215/00127094-1507259},
}

@article{eshenburg-split,
	author = {Eschenburg, J.-H.},
	fjournal = {Journal of Differential Geometry},
	issn = {0022-040X},
	journal = {J. Differential Geom.},
	mrclass = {53C50},
	mrnumber = {940115},
	mrreviewer = {Paul E. Ehrlich},
	number = {3},
	pages = {477--491},
	title = {The splitting theorem for space-times with strong energy condition},
	url = {http://projecteuclid.org/euclid.jdg/1214442005},
	volume = {27},
	year = {1988},
	bdsk-url-1 = {http://projecteuclid.org/euclid.jdg/1214442005}}

@misc{gigli2013splitting,
	archiveprefix = {arXiv},
	author = {N. Gigli},
	date-modified = {2022-01-12 17:37:28 -0500},
	eprint = {1302.5555},
	title = {The splitting theorem in non-smooth context},
	year = {2013}}

@article{gigli-splitting-overview,
	author = {Gigli, N.},
	date-added = {2022-01-12 17:16:12 -0500},
	date-modified = {2022-01-12 17:16:32 -0500},
	doi = {10.2478/agms-2014-0006},
	fjournal = {Analysis and Geometry in Metric Spaces},
	journal = {Anal. Geom. Metr. Spaces},
	mrclass = {53C23 (53C21)},
	mrnumber = {3210895},
	mrreviewer = {Yu Ding},
	number = {1},
	pages = {169--213},
	title = {An overview of the proof of the splitting theorem in spaces with non-negative {R}icci curvature},
	url = {https://doi-org.myaccess.library.utoronto.ca/10.2478/agms-2014-0006},
	volume = {2},
	year = {2014},
	bdsk-url-1 = {https://doi-org.myaccess.library.utoronto.ca/10.2478/agms-2014-0006},
	bdsk-url-2 = {https://doi.org/10.2478/agms-2014-0006}}

	
	
	
@book {gromov1981,
    AUTHOR = {Gromov, M.},
     TITLE = {Structures m\'{e}triques pour les vari\'{e}t\'{e}s
              riemanniennes},
    SERIES = {Textes Math\'{e}matiques [Mathematical Texts]},
    VOLUME = {1},
    EDITOR = {Lafontaine, J. and Pansu, P.},
 %PUBLISHER = {CEDIC, Paris},
      YEAR = {1981},
     %PAGES = {iv+152},
      ISBN = {2-7124-0714-8},
   MRCLASS = {53C20 (53-02)},
  MRNUMBER = {682063},
}
@book{gromov1999,
  title={Metric structures for Riemannian and non-Riemannian spaces},
  author={Gromov, M.},
  volume={152},
  year={1999},
 %publisher={Springer}
}

@article {gromov2001,
    AUTHOR = {Gromov, M.},
     TITLE = {{${\rm CAT}(\kappa)$}-spaces: construction and concentration},
   JOURNAL = {Zap. Nauchn. Sem. S.-Peterburg. Otdel. Mat. Inst. Steklov.
              (POMI)},
  FJOURNAL = {Rossi\u{\i}skaya Akademiya Nauk. Sankt-Peterburgskoe
              Otdelenie. Matematicheski\u{\i} Institut im. V. A. Steklova.
              Zapiski Nauchnykh Seminarov (POMI)},
    VOLUME = {280},
      YEAR = {2001},
     PAGES = {100--140, 299--300},
      ISSN = {0373-2703},
   MRCLASS = {53C23 (20F67 53C45)},
  MRNUMBER = {1879258},
MRREVIEWER = {Athanase\ Papadopoulos},
       DOI = {10.1023/B:JOTH.0000008756.15786.0f},
       URL = {https://doi.org/10.1023/B:JOTH.0000008756.15786.0f},
}

@article{grove-petersen,
  title={A radius sphere theorem},
  author={Grove, K. and Petersen, P.},
  journal={Inventiones mathematicae},
  volume={112},
  number={1},
  pages={577--583},
  year={1993}
}

@book{engelking,
author = {Engelking, R.},
isbn = {0-444-85176-3},
mrclass = {54FXX},
mrnumber = {0482697},
mrreviewer = {Teodor Przymusinski},
title = {Dimension theory},
year = {1978}}

@article{galperin,
  title={О системах локально взаимодействующих и отталкивающихся частиц, движущихся в пространстве},
  author={Гальперин, Г. А.},
  journal={Труды Московского математического общества},
  volume={43},
  number={0},
  pages={142--196},
  year={1981},
  publisher={Московское математическое общество},
language={russian},
hyphenation={russian},
}

@article{gromov-1981,
  title={Curvature, diameter and Betti numbers},
  author={Gromov, M.},
  journal={Commentarii Mathematici Helvetici},
  volume={56},
  pages={179--195},
  year={1981}
}

@incollection {gromov-1987,
    AUTHOR = {Gromov, M.},
     TITLE = {Hyperbolic groups},
 BOOKTITLE = {Essays in group theory},
    SERIES = {Math. Sci. Res. Inst. Publ.},
    VOLUME = {8},
     PAGES = {75--263},
 PUBLISHER = {Springer, New York},
      YEAR = {1987},
   MRCLASS = {20F32 (20F06 20F10 22E40 53C20 57R75 58F17)},
  MRNUMBER = {919829},
MRREVIEWER = {Christopher W. Stark},
       DOI = {10.1007/978-1-4613-9586-7_3},
       URL = {https://doi.org/10.1007/978-1-4613-9586-7_3},
}

@article {gromov-1991,
    AUTHOR = {Gromov, M.},
     TITLE = {Sign and geometric meaning of curvature},
   JOURNAL = {Rend. Sem. Mat. Fis. Milano},
  FJOURNAL = {Rendiconti del Seminario Matematico e Fisico di Milano},
    VOLUME = {61},
      YEAR = {1991},
     PAGES = {9--123 (1994)},
      ISSN = {0370-7377},
   MRCLASS = {53C20 (53C23)},
  MRNUMBER = {1297501},
MRREVIEWER = {Zhongmin Shen},
       DOI = {10.1007/BF02925201},
       URL = {https://doi.org/10.1007/BF02925201},
}

@incollection{gromov:asymt-inv,
author = {Gromov, M.},
booktitle = {Geometric group theory, {V}ol. 2 ({S}ussex, 1991)},
mrclass = {20F32 (57M07)},
mrnumber = {1253544},
pages = {1--295},
series = {London Math. Soc. Lecture Note Ser.},
title = {Asymptotic invariants of infinite groups},
volume = {182},
year = {1993}}

@article {hadamard,
    AUTHOR = {Hadamard, J.},
     TITLE = {Sur la forme des lignes g\'{e}o\-d\'{e}\-siques \`a l'infini et sur les
              g\'{e}o\-d\'{e}\-siques des surfaces r\'{e}gl\'{e}es du second ordre},
   JOURNAL = {Bull. Soc. Math. France},
  FJOURNAL = {Bulletin de la Soci\'{e}t\'{e} Math\'{e}matique de France},
    VOLUME = {26},
      YEAR = {1898},
     PAGES = {195--216},
      ISSN = {0037-9484},
   MRCLASS = {DML},
  MRNUMBER = {1504321},
       URL = {http://www.numdam.org/item?id=BSMF_1898__26__195_0},
}

@article {harvey-searle,
    AUTHOR = {Harvey, J. and Searle, C.},
     TITLE = {Positively curved {R}iemannian orbifolds and {A}lexandrov
              spaces with circle symmetry in dimension 4},
   JOURNAL = {Doc. Math.},
  FJOURNAL = {Documenta Mathematica},
    VOLUME = {26},
      YEAR = {2021},
     PAGES = {1889--1927},
      ISSN = {1431-0635,1431-0643},
   MRCLASS = {53C23 (51K10 53C20 57R18)},
  MRNUMBER = {4378718},
MRREVIEWER = {Igor\ Belegradek},
       DOI = {10.3934/dcdsb.2020281},
       URL = {https://doi.org/10.3934/dcdsb.2020281},
}


@book {hatcher,
    AUTHOR = {Hatcher, A.},
     TITLE = {Algebraic topology},
 %PUBLISHER = {Cambridge University Press, Cambridge},
      YEAR = {2002},
    % PAGES = {xii+544},
      ISBN = {0-521-79160-X; 0-521-79540-0},
   MRCLASS = {55-01 (55-00)},
  MRNUMBER = {1867354},
MRREVIEWER = {Donald W. Kahn},
addendum={[Русский перевод:  Хатчер А. «Алгебраическая топология», 2011.]},
language={english},
hyphenation={russian},
}

@article {hass,
    AUTHOR = {Hass, J.},
     TITLE = {Bounded {$3$}-manifolds admit negatively curved metrics with
              concave boundary},
   JOURNAL = {J. Differential Geom.},
  FJOURNAL = {Journal of Differential Geometry},
    VOLUME = {40},
      YEAR = {1994},
    NUMBER = {3},
     PAGES = {449--459},
      ISSN = {0022-040X},
   MRCLASS = {53C21 (53C20 57M50)},
  MRNUMBER = {1305977},
MRREVIEWER = {William Dunbar},
       URL = {http://projecteuclid.org/euclid.jdg/1214455774},
}

@article {hu-kirk,
    AUTHOR = {Hu, T. and Kirk, W. A.},
     TITLE = {Local contractions in metric spaces},
   JOURNAL = {Proc. Amer. Math. Soc.},
  FJOURNAL = {Proceedings of the American Mathematical Society},
    VOLUME = {68},
      YEAR = {1978},
    NUMBER = {1},
     PAGES = {121--124},
      ISSN = {0002-9939},
   MRCLASS = {54E40 (54H25)},
  MRNUMBER = {464180},
MRREVIEWER = {Harold Bell},
       DOI = {10.2307/2040922},
       URL = {https://doi.org/10.2307/2040922},
}

@book{hurewicz-wallman,
author = {Hurewicz, W. and Wallman, H.},
mrclass = {56.0X},
mrnumber = {0006493},
mrreviewer = {H. Whitney},
series = {Princeton Mathematical Series, v. 4},
title = {Dimension {T}heory},
year = {1941}}

@article {ivanov2014,
    AUTHOR = {Ivanov, S.},
     TITLE = {On {H}elly's theorem in geodesic spaces},
   JOURNAL = {Electron. Res. Announc. Math. Sci.},
  FJOURNAL = {Electronic Research Announcements in Mathematical Sciences},
    VOLUME = {21},
      YEAR = {2014},
     PAGES = {109--112},
      ISSN = {1935-9179},
   MRCLASS = {53C23 (52A35 54F45)},
  MRNUMBER = {3260133},
MRREVIEWER = {Norbert\ Peyerimhoff},
       DOI = {10.3934/era.2014.21.109},
       URL = {https://doi.org/10.3934/era.2014.21.109},
}

@incollection {kapovitch,
    AUTHOR = {Kapovitch, V.},
     TITLE = {Perelman's stability theorem},
 BOOKTITLE = {Surveys in differential geometry. {V}ol. {XI}},
    SERIES = {Surv. Differ. Geom.},
    VOLUME = {11},
     PAGES = {103--136},
 PUBLISHER = {Int. Press, Somerville, MA},
      YEAR = {2007},
      ISBN = {978-1-57146-117-9},
   MRCLASS = {53C23 (53C20 53C21)},
  MRNUMBER = {2408265},
MRREVIEWER = {Yu\ Ding},
       DOI = {10.4310/SDG.2006.v11.n1.a5},
       URL = {https://doi.org/10.4310/SDG.2006.v11.n1.a5},
}

@article {kapovitch-zhu,
    AUTHOR = {Kapovitch, V. and Zhu, X.},
TITLE = {On the intrinsic and extrinsic boundary for metric measure spaces with lower curvature bounds},
   JOURNAL = {Ann. Global Anal. Geom.},
  FJOURNAL = {Annals of Global Analysis and Geometry},
    VOLUME = {64},
      YEAR = {2023},
    NUMBER = {2},
     PAGES = {Paper No. 17, 18},
      ISSN = {0232-704X,1572-9060},
   MRCLASS = {53C23 (53C20 53C21)},
  MRNUMBER = {4635779},
       DOI = {10.1007/s10455-023-09920-1},
       URL = {https://doi.org/10.1007/s10455-023-09920-1},
}

@article {kervaire,
    AUTHOR = {Kervaire, M.},
     TITLE = {Smooth homology spheres and their fundamental groups},
   JOURNAL = {Trans. Amer. Math. Soc.},
  FJOURNAL = {Transactions of the American Mathematical Society},
    VOLUME = {144},
      YEAR = {1969},
     PAGES = {67--72},
      ISSN = {0002-9947},
   MRCLASS = {57.10},
  MRNUMBER = {253347},
MRREVIEWER = {A. Liulevicius},
       DOI = {10.2307/1995269},
       URL = {https://doi.org/10.2307/1995269},
}

@article{kleiner,
author = {Kleiner, B.},
doi = {10.1007/PL00004738},
fjournal = {Mathematische Zeitschrift},
issn = {0025-5874},
journal = {Math. Z.},
mrclass = {53C23 (57M50)},
mrnumber = {1704987},
mrreviewer = {Raul Quiroga-Barranco},
number = {3},
pages = {409--456},
title = {The local structure of length spaces with curvature bounded above},
url = {https://doi.org/10.1007/PL00004738},
volume = {231},
year = {1999},
bdsk-url-1 = {https://doi.org/10.1007/PL00004738}}


@article{hsiang-kleiner,
author = {Hsiang, W.-Y. and Kleiner, B.},
fjournal = {Journal of Differential Geometry},
issn = {0022-040X},
journal = {J. Differential Geom.},
mrclass = {53C20 (57R99)},
mrnumber = {992332},
mrreviewer = {Sheila Carter},
number = {3},
pages = {615--621},
title = {On the topology of positively curved {$4$}-manifolds with symmetry},
url = {http://projecteuclid.org/euclid.jdg/1214443064},
volume = {29},
year = {1989},
bdsk-url-1 = {http://projecteuclid.org/euclid.jdg/1214443064}}


@article {klyachko,
    AUTHOR = {Klyachko, A.},
     TITLE = {A funny property of sphere and equations over groups},
   JOURNAL = {Comm. Algebra},
  FJOURNAL = {Communications in Algebra},
    VOLUME = {21},
      YEAR = {1993},
    NUMBER = {7},
     PAGES = {2555--2575},
      ISSN = {0092-7872,1532-4125},
   MRCLASS = {20F32},
  MRNUMBER = {1218513},
MRREVIEWER = {Martin\ Edjvet},
       DOI = {10.1080/00927879308824692},
       URL = {https://doi.org/10.1080/00927879308824692},
}

@article{kwun1964,
  title={Uniqueness of the open cone neighborhood},
  author={Kwun, K. W.},
  journal={Proc. Amer. Math. Soc.},
  volume={15},
  number={3},
  pages={476--479},
  year={1964}
}

@article{lytchak:diff,
author = {Lytchak, A.},
doi = {10.1090/S1061-0022-05-00888-5},
issn = {0234-0852},
journal = {St. Petersburg Math. J.},
mrclass = {53C20 (53C23 54E35)},
mrnumber = {2117451},
mrreviewer = {Koichi Nagano},
number = {6},
pages = {1017--1041},
title = {Differentiation in metric spaces},
url = {https://doi.org/10.1090/S1061-0022-05-00888-5},
volume = {16},
year = {2005},
bdsk-url-1 = {https://doi.org/10.1090/S1061-0022-05-00888-5}}

@article {mangoldt,
    AUTHOR = {von Mangoldt, H.},
     TITLE = {Ueber diejenigen {P}unkte auf positiv gekr\"{u}mmten {F}l\"{a}chen,
              welche die {E}igenschaft haben, dass die von ihnen ausgehenden
              geod\"{a}tischen {L}inien nie aufh\"{o}ren, k\"{u}rzeste {L}inien zu sein},
   JOURNAL = {J. Reine Angew. Math.},
  FJOURNAL = {Journal f\"{u}r die Reine und Angewandte Mathematik. [Crelle's
              Journal]},
    VOLUME = {91},
      YEAR = {1881},
     PAGES = {23--53},
      ISSN = {0075-4102},
   MRCLASS = {DML},
  MRNUMBER = {1579879},
       DOI = {10.1515/crll.1881.91.23},
       URL = {https://doi.org/10.1515/crll.1881.91.23},
}

@article {mazur,
    AUTHOR = {Mazur, B.},
     TITLE = {A note on some contractible {$4$}-manifolds},
   JOURNAL = {Ann. of Math. (2)},
  FJOURNAL = {Annals of Mathematics. Second Series},
    VOLUME = {73},
      YEAR = {1961},
     PAGES = {221--228},
      ISSN = {0003-486X},
   MRCLASS = {54.78},
  MRNUMBER = {125574},
MRREVIEWER = {Morton Brown},
       DOI = {10.2307/1970288},
       URL = {https://doi.org/10.2307/1970288},
}

@book{nagata,
author = {Nagata, J.},
edition = {Revised},
isbn = {3-88538-002-1},
mrclass = {54F45},
mrnumber = {715431},
series = {Sigma Series in Pure Mathematics},
title = {Modern dimension theory},
volume = {2},
year = {1983}}

@article {panov-petrunin,
    AUTHOR = {Panov, D. and Petrunin, A.},
     TITLE = {Sweeping out sectional curvature},
   JOURNAL = {Geom. Topol.},
  FJOURNAL = {Geometry \& Topology},
    VOLUME = {18},
      YEAR = {2014},
    NUMBER = {2},
     PAGES = {617--631},
      ISSN = {1465-3060},
   MRCLASS = {53C20 (53C24)},
  MRNUMBER = {3159972},
MRREVIEWER = {Juan-Ru Gu},
       DOI = {10.2140/gt.2014.18.617},
       URL = {https://doi.org/10.2140/gt.2014.18.617},
}

@article {panov-petrunin-2016,
    AUTHOR = {Panov, D. and Petrunin, A.},
     TITLE = {Ramification conjecture and {H}irzebruch's property of line
              arrangements},
   JOURNAL = {Compos. Math.},
  FJOURNAL = {Compositio Mathematica},
    VOLUME = {152},
      YEAR = {2016},
    NUMBER = {12},
     PAGES = {2443--2460},
      ISSN = {0010-437X},
   MRCLASS = {53C23 (52C35 57N65)},
  MRNUMBER = {3594282},
MRREVIEWER = {Alexander O. Ivanov},
       DOI = {10.1112/S0010437X16007648},
       URL = {https://doi.org/10.1112/S0010437X16007648},
}

@misc{perelman1991,
  title={Alexandrov spaces with curvatures bounded from below II},
  author={Perelman, G.},
  journal={preprint},
  year={1991},
  url ={https://anton-petrunin.github.io/papers/alexandrov/perelmanASWCBFB2+.pdf}
}

@article{perelman1993,
  title={Начала теории Морса на пространствах Александрова},
  author={Перельман, Г. Я.},
  journal={Алгебра и анализ},
  volume={5},
  number={1},
  pages={232--241},
  year={1993},
language={russian},
hyphenation={russian},
}

@article{perelman1994,
  title={DC Structure on Alexandrov Space (preliminary version)},
  author={Perelman, G.},
  journal={preprint},
  year={1994}
}

@article {perelman-petrunin,
    AUTHOR = {Perelman, G.  and Petrunin, A.},
     TITLE = {Extremal subsets in {A}leksandrov spaces and the generalized
              {L}iberman theorem},
   JOURNAL = {Algebra i Analiz},
  FJOURNAL = {Rossi\u{\i}skaya Akademiya Nauk. Algebra i Analiz},
    VOLUME = {5},
      YEAR = {1993},
    NUMBER = {1},
     PAGES = {242--256},
      ISSN = {0234-0852},
   MRCLASS = {53C23 (57N80 58E05)},
  MRNUMBER = {1220499},
MRREVIEWER = {Tadeusz\ Januszkiewicz},
}

@misc{perelman-petrunin:qg,
	author = {Perelman, G. and Petrunin, A.},
	eprint = {http://www.math.psu.edu/petrunin/},
	title = {Quasigeodesics and Gradient curves in Alexandrov spaces}}

@inproceedings{petrunin1997,
  title={Applications of quasigeodesics and gradient curves},
  author={Petrunin, A.},
  booktitle={Comparison geometry},
  pages={203--219},
  year={1997}
}

@article{petrunin2008,
  title={Верхняя оценка на интеграл кривизны},
  author={Петрунин, А. М.},
  journal={Алгебра и анализ},
  volume={20},
  number={2},
  pages={134---148},
  year={2008},
  %publisher={Санкт-Петербургское отделение Математического института им. ВА Стеклова РАН},
language={russian},
hyphenation={english},
addendum={[Translation: Petrunin, A. M., An upper bound for the curvature integral, St. Petersburg Math. J.20(2009), no.2, 255--265.]},
}

@incollection{petrunin:survey,
	author = {Petrunin, A.},
	booktitle = {Surveys in differential geometry. {V}ol. {XI}},
	doi = {10.4310/SDG.2006.v11.n1.a6},
	mrclass = {53C21 (53C20 53C45 58E05)},
	mrnumber = {2408266},
	mrreviewer = {Jeremy Wong},
	pages = {137--201},
	series = {Surv. Differ. Geom.},
	title = {Semiconcave functions in {A}lexandrov's geometry},
	url = {https://doi.org/10.4310/SDG.2006.v11.n1.a6},
	volume = {11},
	year = {2007},
	bdsk-url-1 = {https://doi.org/10.4310/SDG.2006.v11.n1.a6}}
	
@book {petrunin:qg,
    AUTHOR = {Petrunin, A.},
     TITLE = {Quasigeodesics in multidimensional {A}lexandrov spaces},
      NOTE = {Thesis (Ph.D.)--University of Illinois at Urbana-Champaign},
 PUBLISHER = {ProQuest LLC, Ann Arbor, MI},
      YEAR = {1995},
    % PAGES = {92},
   MRCLASS = {Thesis},
  MRNUMBER = {2693118},
       URL =
              {http://gateway.proquest.com/openurl?url_ver=Z39.88-2004&rft_val_fmt=info:ofi/fmt:kev:mtx:dissertation&res_dat=xri:pqdiss&rft_dat=xri:pqdiss:9543694},
}

@book{petrunin-zamora,
      title={What is differential geometry: curves and surfaces}, 
      author={A. Petrunin and S. Zamora Barrera},
      year={2021},
      eprint={2012.11814},
      archivePrefix={arXiv},
      primaryClass={math.HO}
}

@article{plaut:dimension,
author = {Plaut, C.},
doi = {10.1007/BF02921569},
fjournal = {The Journal of Geometric Analysis},
issn = {1050-6926},
journal = {J. Geom. Anal.},
mrclass = {53C23 (53C20)},
mrnumber = {1402389},
mrreviewer = {Zhongmin Shen},
number = {1},
pages = {113--134},
title = {Spaces of {W}ald curvature bounded below},
url = {https://doi.org/10.1007/BF02921569},
volume = {6},
year = {1996},
bdsk-url-1 = {https://doi.org/10.1007/BF02921569}}

@incollection{plaut:survey,
	author = {Plaut, C.},
	booktitle = {Handbook of geometric topology},
	mrclass = {53C23},
	mrnumber = {1886682},
	mrreviewer = {S\'{e}rgio J. Mendon\c{c}a},
	pages = {819--898},
	title = {Metric spaces of curvature {$\geq k$}},
	year = {2002}}

@article{pontyagin-surface,
author = {L. {Pontrjagin}},
fjournal = {{Comptes Rendus Hebdomadaires des S\'eances de l'Acad\'emie des Sciences, Paris}},
issn = {0001-4036},
journal = {{C. R. Acad. Sci., Paris}},
language = {French},
pages = {1105--1107},
title = {{Sur une hypoth\`ese fondamentale de la th\'eorie de la dimension.}},
volume = {190},
year = {1930},
zbl = {56.0503.01}}

@book {rinow,
    AUTHOR = {Rinow, W.},
     TITLE = {Die innere {G}eometrie der metrischen {R}\"{a}ume},
    SERIES = {Die Grundlehren der mathematischen Wissenschaften, Bd. 105},
 %PUBLISHER = {Springer-Verlag, Berlin-G\"{o}ttingen-Heidelberg},
      YEAR = {1961},
    % PAGES = {xv+520},
   MRCLASS = {52.50},
  MRNUMBER = {0123969},
MRREVIEWER = {L. M. Blumenthal},
}

@article {reshetnyak:glue,
    AUTHOR = {Reshetnyak, Yu. G.},
     TITLE = {On the theory of spaces with curvature no greater than {$K$}},
   JOURNAL = {Mat. Sb. (N.S.)},
    VOLUME = {52 (94)},
      YEAR = {1960},
     PAGES = {789--798},
   MRCLASS = {53.00},
  MRNUMBER = {0121762},
MRREVIEWER = {A. V. Pogorelov},
}

@article{reshetnyak:major,
author = {Reshetnyak, Yu. G.},
journal = {Siberian Mathematical Journal},
number = {4},
pages = {683--689},
title = {Inextensible mappings in a space of curvature no greater than {$K$}},
volume = {9},
year = {1968}}

@article {rolfsen,
    AUTHOR = {Rolfsen, D.},
     TITLE = {Strongly convex metrics in cells},
   JOURNAL = {Bull. Amer. Math. Soc.},
  FJOURNAL = {Bulletin of the American Mathematical Society},
    VOLUME = {74},
      YEAR = {1968},
     PAGES = {171--175},
      ISSN = {0002-9904},
   MRCLASS = {54.35},
  MRNUMBER = {226591},
MRREVIEWER = {C. E. Burgess},
       DOI = {10.1090/S0002-9904-1968-11926-3},
       URL = {https://doi.org/10.1090/S0002-9904-1968-11926-3},
}

@article{shefel-1964,
  title={О внутренней геометрии седловых поверхностей},
  author={Шефель, С. З.},
  journal={Сибирский математический журнал},
  volume={5},
  number={6},
  pages={1382--1396},
  year={1964},
}

@article{shefel-1965,
  title={О седловых поверхностях, ограниченных спрямляемой кривой},
  author={Шефель, С. З.},
  journal={Доклады Академии наук},
  volume={162},
  number={2},
  pages={294--296},
  year={1965},
  addendum={English translation "On saddle surfaces bounded by a rectifiable curve", Soviet Math. Dokl. 6 (1965), 684--687.}
}

@book{shiohama,
author = {Shiohama, K.},
mrclass = {53C23},
mrnumber = {1320267},
mrreviewer = {Conrad Plaut},
series = {Lecture Notes Series},
title = {An introduction to the geometry of {A}lexandrov spaces},
volume = {8},
year = {1993}}

@article {stadler,
    AUTHOR = {Stadler, S.},
     TITLE = {An obstruction to the smoothability of singular nonpositively
              curved metrics on 4-manifolds by patterns of incompressible
              tori},
   JOURNAL = {Geom. Funct. Anal.},
  FJOURNAL = {Geometric and Functional Analysis},
    VOLUME = {25},
      YEAR = {2015},
    NUMBER = {5},
     PAGES = {1575--1587},
      ISSN = {1016-443X},
   MRCLASS = {53C21 (53C23)},
  MRNUMBER = {3426062},
MRREVIEWER = {Pavel D. Andreev},
       DOI = {10.1007/s00039-015-0341-8},
       URL = {https://doi.org/10.1007/s00039-015-0341-8},
}

@article {stone,
    AUTHOR = {Stone, D.},
     TITLE = {Geodesics in piecewise linear manifolds},
   JOURNAL = {Trans. Amer. Math. Soc.},
  FJOURNAL = {Transactions of the American Mathematical Society},
    VOLUME = {215},
      YEAR = {1976},
     PAGES = {1--44},
      ISSN = {0002-9947},
   MRCLASS = {53C20 (57C25)},
  MRNUMBER = {402648},
MRREVIEWER = {T. Banchoff},
       DOI = {10.2307/1999713},
       URL = {https://doi.org/10.2307/1999713},
}

@article {thurston,
    AUTHOR = {Thurston, P.},
     TITLE = {{CAT}(0) 4-manifolds possessing a single tame point are {E}uclidean},
   JOURNAL = {J. Geom. Anal.},
  FJOURNAL = {The Journal of Geometric Analysis},
    VOLUME = {6},
      YEAR = {1996},
    NUMBER = {3},
     PAGES = {475--494 (1997)},
      ISSN = {1050-6926},
   MRCLASS = {53C21 (53C23 57N13)},
  MRNUMBER = {1471903},
MRREVIEWER = {Tadeusz Januszkiewicz},
       DOI = {10.1007/BF02921662},
       URL = {https://doi.org/10.1007/BF02921662},
}


@article{burago-gromov-perelman,
author = {Ю. Д. Бураго, М. Л. Громов, Г. Я. Перельман},
journal = {УМН},
number = {2(284)},
pages = {3–51},
title = {Пространства А. Д. Александрова с ограниченными снизу кривизнами},
volume = {47},
year = {1992},
language={russian},
hyphenation={russian},
addendum={[English translation: Yu. D. Burago, M. L. Gromov, G. Ya. Perel'man, “A. D. Alexandrov spaces with curvature bounded below”, Russian Math. Surveys, 47:2 (1992), 1–58]}
}

@book{burago-burago-ivanov,
author = {Burago, D. and Burago, Y. and Ivanov, S.},
doi = {10.1090/gsm/033},
isbn = {0-8218-2129-6},
mrclass = {53C23},
mrnumber = {1835418},
mrreviewer = {Mario Bonk},
series = {Graduate Studies in Mathematics},
title = {A course in metric geometry},
url = {https://doi.org/10.1090/gsm/033},
volume = {33},
year = {2001},
bdsk-url-1 = {https://doi.org/10.1090/gsm/033},
addendum={[Русский перевод: Бураго Д. Ю., Бураго Ю. Д., Иванов С. В. «Курс метрической геометрии», 2004.]}}

@article{lang-schroeder:globalization,
author = {Lang, U. and Schroeder, V.},
doi = {10.4171/LEM/59-3-6},
fjournal = {L'Enseignement Math\'{e}matique},
issn = {0013-8584},
journal = {Enseign. Math.},
mrclass = {53C23 (53C20)},
mrnumber = {3189039},
mrreviewer = {Joseph E. Borzellino},
number = {3-4},
pages = {325--336},
title = {On {T}oponogov's comparison theorem for {A}lexandrov spaces},
url = {https://doi.org/10.4171/LEM/59-3-6},
volume = {59},
year = {2013},
bdsk-url-1 = {https://doi.org/10.4171/LEM/59-3-6}}

@article {lytchak-wenger,
    AUTHOR = {Lytchak, A. and Wenger, S.},
     TITLE = {Isoperimetric characterization of upper curvature bounds},
   JOURNAL = {Acta Math.},
  FJOURNAL = {Acta Mathematica},
    VOLUME = {221},
      YEAR = {2018},
    NUMBER = {1},
     PAGES = {159--202},
      ISSN = {0001-5962},
   MRCLASS = {49Q05 (53C23)},
  MRNUMBER = {3877021},
MRREVIEWER = {Andrew Bucki},
       DOI = {10.4310/ACTA.2018.v221.n1.a5},
       URL = {https://doi.org/10.4310/ACTA.2018.v221.n1.a5},
}

@article {menger,
    AUTHOR = {Menger, K.},
     TITLE = {Untersuchungen \"{u}ber allgemeine {M}etrik},
   JOURNAL = {Math. Ann.},
  FJOURNAL = {Mathematische Annalen},
    VOLUME = {100},
      YEAR = {1928},
    NUMBER = {1},
     PAGES = {75--163},
      ISSN = {0025-5831},
   MRCLASS = {DML},
  MRNUMBER = {1512479},
       DOI = {10.1007/BF01448840},
       URL = {https://doi.org/10.1007/BF01448840},
hyphenation = {german},
language = {german},
}

@article{petrunin:globalization,
author = {Petrunin, A.},
doi = {10.1007/s00208-015-1295-8},
fjournal = {Mathematische Annalen},
issn = {0025-5831},
journal = {Math. Ann.},
mrclass = {53C23 (53C22)},
mrnumber = {3552243},
mrreviewer = {Pavel D. Andreev},
number = {1-2},
pages = {387--393},
title = {A globalization for non-complete but geodesic spaces},
url = {https://doi.org/10.1007/s00208-015-1295-8},
volume = {366},
year = {2016},
bdsk-url-1 = {https://doi.org/10.1007/s00208-015-1295-8}}

@article {petrunin-stadler,
    AUTHOR = {Petrunin, A. and Stadler, S.},
     TITLE = {Metric-minimizing surfaces revisited},
   JOURNAL = {Geom. Topol.},
  FJOURNAL = {Geometry \& Topology},
    VOLUME = {23},
      YEAR = {2019},
    NUMBER = {6},
     PAGES = {3111--3139},
      ISSN = {1465-3060},
   MRCLASS = {53C23 (30L05 53C43 53C45)},
  MRNUMBER = {4039186},
       DOI = {10.2140/gt.2019.23.3111},
       URL = {https://doi.org/10.2140/gt.2019.23.3111},
}

@article {schoenberg-zaremba,
    AUTHOR = {Schoenberg, I. J. and Zaremba, S. C.},
     TITLE = {On {C}auchy's lemma concerning convex polygons},
   JOURNAL = {Canadian J. Math.},
  FJOURNAL = {Canadian Journal of Mathematics. Journal Canadien de
              Math\'{e}matiques},
    VOLUME = {19},
      YEAR = {1967},
     PAGES = {1062--1071},
      ISSN = {0008-414X},
   MRCLASS = {52.10},
  MRNUMBER = {216365},
MRREVIEWER = {D. W. Walkup},
       DOI = {10.4153/CJM-1967-096-4},
       URL = {https://doi.org/10.4153/CJM-1967-096-4},
}

@article{cauchy,
  title={Sur les polygones et les poly\`{e}dres: second M\'emoire},
  author={Cauchy, A.},
  journal={Journal de l’Ecole Polytechnique},
  volume={16},
  number={9},
  pages={26--38},
  year={1813}
}

@article{cohn-vossen_line,
author = {Cohn-Vossen, S.},
hyphenation = {german},
journal = {Mat. Sb.},
language = {german},
number = {2},
title = {Totalkr{\"u}mmung und geod{\"a}tische Linien auf einfachzusammenh{\"a}ngenden offenen vollst{\"a}ndigen Fl{\"a}chenst{\"u}cken},
volume = {1(43)},
year = {1936}}

@article{daniilidis-ley-sabourau,
author = {Daniilidis, A. and Ley, O. and Sabourau, S.},
doi = {10.1016/j.matpur.2010.03.007},
fjournal = {Journal de Math\'{e}matiques Pures et Appliqu\'{e}es. Neuvi\`eme S\'{e}rie},
issn = {0021-7824},
journal = {J. Math. Pures Appl. (9)},
mrclass = {49J53 (34D20 37B35 37C10 37N40 52A10)},
mrnumber = {2665417},
mrreviewer = {Marian Mure\c{s}an},
number = {2},
pages = {183--199},
title = {Asymptotic behaviour of self-contracted planar curves and gradient orbits of convex functions},
url = {https://doi.org/10.1016/j.matpur.2010.03.007},
volume = {94},
year = {2010},
bdsk-url-1 = {https://doi.org/10.1016/j.matpur.2010.03.007}}

@article {danzer-gruenbaum,
    AUTHOR = {Danzer, L. and Grünbaum, B.},
     TITLE = {Über zwei {P}robleme bezüglich konvexer {K}örper von
              {P}. {E}rd{\H o}s und von {V}. {L}. {K}lee},
   JOURNAL = {Math. Z.},
  FJOURNAL = {Mathematische Zeitschrift},
    VOLUME = {79},
      YEAR = {1962},
     PAGES = {95--99},
      ISSN = {0025-5874},
   MRCLASS = {52.30},
  MRNUMBER = {0138040 (25 \#1488)},
MRREVIEWER = {Victor Klee},
language={german},
hyphenation={german}
}


@article {erdos,
AUTHOR = {Erdős, P.},
TITLE = {Some unsolved problems},
JOURNAL = {Michigan Math. J.},
FJOURNAL = {The Michigan Mathematical Journal},
VOLUME = {4},
YEAR = {1957},
PAGES = {291--300},
ISSN = {0026-2285},
MRCLASS = {10.00 (41.00)},
MRNUMBER = {0098702 (20 \#5157)},
MRREVIEWER = {S. Chowla},
}

@article {eskenazis-mendel-naor,
    AUTHOR = {Eskenazis, A. and Mendel, M. and Naor, A.},
     TITLE = {Nonpositive curvature is not coarsely universal},
   JOURNAL = {Invent. Math.},
  FJOURNAL = {Inventiones Mathematicae},
    VOLUME = {217},
      YEAR = {2019},
    NUMBER = {3},
     PAGES = {833--886},
      ISSN = {0020-9910,1432-1297},
   MRCLASS = {53C23 (46B03 51F99 53C21)},
  MRNUMBER = {3989255},
       DOI = {10.1007/s00222-019-00878-1},
       URL = {https://doi.org/10.1007/s00222-019-00878-1},
}

@article{halbeisen,
	author = {Halbeisen, S.},
	doi = {10.1007/s002290070018},
	fjournal = {Manuscripta Mathematica},
	issn = {0025-2611},
	journal = {Manuscripta Math.},
	mrclass = {53C23 (53C45)},
	mrnumber = {1796313},
	mrreviewer = {Krishnan Shankar},
	number = {2},
	pages = {169--182},
	title = {On tangent cones of {A}lexandrov spaces with curvature bounded below},
	url = {https://doi.org/10.1007/s002290070018},
	volume = {103},
	year = {2000},
	bdsk-url-1 = {https://doi.org/10.1007/s002290070018}}

@incollection {vakhrameev,
    AUTHOR = {Vakhrameev, S. A.},
     TITLE = {Morse lemmas for smooth functions on manifolds with corners},
      NOTE = {Dynamical systems, 8},
   JOURNAL = {J. Math. Sci. (New York)},
  FJOURNAL = {Journal of Mathematical Sciences (New York)},
    VOLUME = {100},
      YEAR = {2000},
    NUMBER = {4},
     PAGES = {2428--2445},
      ISSN = {1072-3374},
   MRCLASS = {57R70 (49K15 57R35 58E05 58E25 58K05)},
  MRNUMBER = {1776552},
MRREVIEWER = {Juan\ Margalef-Roig},
       DOI = {10.1007/s10958-000-0003-7},
       URL = {https://doi.org/10.1007/s10958-000-0003-7},
}

@article{wald,
author = {Wald, A.},
hyphenation = {german},
journal = {Ergebnisse eines mathematischen Kolloquium},
language = {german},
pages = {24--46},
title = {Begr\"undung eiiner Koordinatenlosen Differentialgeometrie der Fl\"achen},
volume = {6},
year = {1935}}

@article{pizzetti,
author = {Pizzetti, P.},
journal = {Atti della Reale Accademia dei Lincei, Rendiconti (5). Classe di Scienze Fisiche, Matematiche e Naturali},
number = {1},
pages = {6--11},
title = {Paragone fra due triangoli a lati uguali},
volume = {16},
year = {1907}}

%arXiv

@book{petrunin2023pure,
    AUTHOR = {Petrunin, A.},
     TITLE = {Pure metric geometry},
    SERIES = {SpringerBriefs in Mathematics},
% PUBLISHER = {Springer, Cham},
      YEAR = {2023},
    % PAGES = {viii+103},
      ISBN = {978-3-031-39161-3; 978-3-031-39162-0},
   MRCLASS = {54-01 (51Fxx 54Cxx 54Exx)},
  MRNUMBER = {4696672},
       DOI = {10.1007/978-3-031-39162-0},
       URL = {https://doi.org/10.1007/978-3-031-39162-0},
}

@article {kleiner-leeb,
    AUTHOR = {Kleiner, B. and Leeb, B.},
     TITLE = {Rigidity of quasi-isometries for symmetric spaces and
              {E}uclidean buildings},
   JOURNAL = {Inst. Hautes \'{E}tudes Sci. Publ. Math.},
  FJOURNAL = {Institut des Hautes \'{E}tudes Scientifiques. Publications
              Math\'{e}matiques},
    NUMBER = {86},
      YEAR = {1997},
     PAGES = {115--197 (1998)},
      ISSN = {0073-8301},
   MRCLASS = {53C35 (20E42 20F32 53C23 57M07)},
  MRNUMBER = {1608566},
MRREVIEWER = {Lee Mosher},
       URL = {http://www.numdam.org/item?id=PMIHES_1997__86__115_0},
}

@article {lebedeva2019,
    AUTHOR = {Lebedeva, N.},
     TITLE = {On open flat sets in spaces with bipolar comparison},
   JOURNAL = {Geom. Dedicata},
  FJOURNAL = {Geometriae Dedicata},
    VOLUME = {203},
      YEAR = {2019},
     PAGES = {347--351},
      ISSN = {0046-5755,1572-9168},
   MRCLASS = {53C20 (53C23)},
  MRNUMBER = {4027598},
MRREVIEWER = {Pedro\ Duarte\ Morais},
       DOI = {10.1007/s10711-019-00439-z},
       URL = {https://doi.org/10.1007/s10711-019-00439-z},
}

@article {lebedeva,
    AUTHOR = {Lebedeva, N.},
     TITLE = {Alexandrov spaces with maximal number of extremal points},
   JOURNAL = {Geom. Topol.},
  FJOURNAL = {Geometry \& Topology},
    VOLUME = {19},
      YEAR = {2015},
    NUMBER = {3},
     PAGES = {1493--1521},
      ISSN = {1465-3060},
   MRCLASS = {53C45 (20F55 51K10)},
  MRNUMBER = {3352242},
       DOI = {10.2140/gt.2015.19.1493},
       URL = {http://dx.doi.org/10.2140/gt.2015.19.1493},
}

@misc{lebedeva-petrunin,
  doi = {10.48550/ARXIV.2212.10479},  
  url = {https://arxiv.org/abs/2212.10479},
  author = {Лебедева, Н. and Петрунин, А.},
  keywords = {History and Overview (math.HO), FOS: Mathematics, FOS: Mathematics, 53C45},  
  title = {Теорема Александрова о вложении многогранников},  
  publisher = {arXiv},  
  year = {2022},
  copyright = {Creative Commons Zero v1.0 Universal},
     language={russian},
hyphenation={russian},
addendum={[English translation: N. Lebedeva, A. Petrunin, \emph{Alexandrov's embedding theorem}.]}
}

@article {lebedeva-petrunin2021,
    AUTHOR = {Lebedeva, N. and Petrunin, A.},
     TITLE = {5-point {$\rm CAT(0)$} spaces after {T}etsu {T}oyoda},
   JOURNAL = {Anal. Geom. Metr. Spaces},
  FJOURNAL = {Analysis and Geometry in Metric Spaces},
    VOLUME = {9},
      YEAR = {2021},
    NUMBER = {1},
     PAGES = {160--166},
      ISSN = {2299-3274},
   MRCLASS = {53C23 (51F99)},
  MRNUMBER = {4298102},
MRREVIEWER = {Bo\.{z}ena\ Pi\polhk{a}tek},
       DOI = {10.1515/agms-2020-0126},
       URL = {https://doi.org/10.1515/agms-2020-0126},
}

@article {lebedeva-petrunin2023,
    AUTHOR = {Lebedeva, N. and Petrunin, A.},
     TITLE = {Graph comparison meets {A}lexandrov},
      NOTE = {Translation of Sibirsk. Mat. Zh. {\bf 64} (2023), no. 3,
              579--584.},
   JOURNAL = {Sib. Math. J.},
  FJOURNAL = {Siberian Mathematical Journal},
    VOLUME = {64},
      YEAR = {2023},
    NUMBER = {3},
     PAGES = {624--628},
      ISSN = {0037-4466,1573-9260},
   MRCLASS = {05C90 (30L15 51F99 53C20 53C23)},
  MRNUMBER = {4598139},
MRREVIEWER = {Tadashi\ Fujioka},
       DOI = {10.1134/s0037446623030102},
       URL = {https://doi.org/10.1134/s0037446623030102},
}

@article {lebedeva-petrunin2024,
    AUTHOR = {Lebedeva, N. and Petrunin, A.},
     TITLE = {Five-point {T}oponogov theorem},
   JOURNAL = {Int. Math. Res. Not. IMRN},
  FJOURNAL = {International Mathematics Research Notices. IMRN},
      YEAR = {2024},
    NUMBER = {5},
     PAGES = {3601--3624},
      ISSN = {1073-7928,1687-0247},
   MRCLASS = {53C21},
  MRNUMBER = {4714328},
       DOI = {10.1093/imrn/rnad027},
       URL = {https://doi.org/10.1093/imrn/rnad027},
}

@article{lebedeva-petrunin2025,
   title={Trees meet octahedron comparison},
   ISSN={1793-7167},
   url={http://dx.doi.org/10.1142/S1793525323500231},
   DOI={10.1142/s1793525323500231},
   journal={Journal of Topology and Analysis},
   publisher={World Scientific Pub Co Pte Ltd},
   author={Lebedeva, N. and Petrunin, A.},
   year={2023},
   month=jul, pages={1–5} }

@article {lebedeva-petrunin-zolotov,
    AUTHOR = {Lebedeva, N. and Petrunin, A. and Zolotov, V.},
     TITLE = {Bipolar comparison},
   JOURNAL = {Geom. Funct. Anal.},
  FJOURNAL = {Geometric and Functional Analysis},
    VOLUME = {29},
      YEAR = {2019},
    NUMBER = {1},
     PAGES = {258--282},
      ISSN = {1016-443X,1420-8970},
   MRCLASS = {53C23},
  MRNUMBER = {3925110},
MRREVIEWER = {Nan\ Li},
       DOI = {10.1007/s00039-019-00481-9},
       URL = {https://doi.org/10.1007/s00039-019-00481-9},
}

@article{milka-line,
author = {Милка, А. Д.},
hyphenation = {russian},
journal = {Укр. геометр, сб.},
language = {russian},
pages = {43--48},
title = {Метрическое строение одного класса пространств, содержащих прямые линии},
volume = {4},
year = {1967},
language={russian},
hyphenation={russian}}

@inproceedings {perelman-Erdos,
AUTHOR = {Perelman, G.},
TITLE = {Spaces with curvature bounded below},
BOOKTITLE = {Proceedings of the {I}nternational {C}ongress of {M}athematicians, {V}ol.\ 1, 2 ({Z}ürich, 1994)},
PAGES = {517--525},
%PUBLISHER = {Birkhäuser, Basel},
YEAR = {1995},
MRCLASS = {53C23 (53C21)},
MRNUMBER = {1403952 (97g:53055)},
MRREVIEWER = {Zhongmin Shen},
}

@article{perelman:morse,
	author = {Perelman, G. Ya.},
	issn = {0234-0852},
	journal = {St. Petersburg Math. J.},
	mrclass = {53C23 (57N80 58E05)},
	mrnumber = {1220498},
	mrreviewer = {Tadeusz Januszkiewicz},
	number = {1},
	pages = {205--213},
	title = {Elements of {M}orse theory on {A}leksandrov spaces},
	volume = {5},
	year = {1994}}

@article {petrunin2017,
    AUTHOR = {Petrunin, A.},
     TITLE = {In search of a five-point {A}leksandrov type condition},
   JOURNAL = {Algebra i Analiz},
  FJOURNAL = {Rossi\u{\i}skaya Akademiya Nauk. Algebra i Analiz},
    VOLUME = {29},
      YEAR = {2017},
    NUMBER = {1},
     PAGES = {296--298},
      ISSN = {0234-0852},
   MRCLASS = {51K10},
  MRNUMBER = {3660693},
       DOI = {10.1090/spmj/1490},
       URL = {https://doi.org/10.1090/spmj/1490},
}

@article {rudin,
    AUTHOR = {Rudin, W.},
     TITLE = {Homogeneity problems in the theory of \v{C}ech compactifications},
   JOURNAL = {Duke Math. J.},
  FJOURNAL = {Duke Mathematical Journal},
    VOLUME = {23},
      YEAR = {1956},
     PAGES = {409--419},
      ISSN = {0012-7094},
   MRCLASS = {54.0X},
  MRNUMBER = {0080902},
MRREVIEWER = {L. Gillman},
       URL = {http://projecteuclid.org/euclid.dmj/1077466953},
}

@article {terng-thorbergsson,
    AUTHOR = {Terng, C.-L. and Thorbergsson, G.},
     TITLE = {Submanifold geometry in symmetric spaces},
   JOURNAL = {J. Differential Geom.},
  FJOURNAL = {Journal of Differential Geometry},
    VOLUME = {42},
      YEAR = {1995},
    NUMBER = {3},
     PAGES = {665--718},
      ISSN = {0022-040X},
   MRCLASS = {53C35 (53C40)},
  MRNUMBER = {1367405},
MRREVIEWER = {Autorreferat (G.T.)},
       URL = {http://projecteuclid.org/euclid.jdg/1214457552},
}

@article {toyoda,
    AUTHOR = {Toyoda, T.},
     TITLE = {An intrinsic characterization of five points in a {${\rm
              CAT}(0)$} space},
   JOURNAL = {Anal. Geom. Metr. Spaces},
  FJOURNAL = {Analysis and Geometry in Metric Spaces},
    VOLUME = {8},
      YEAR = {2020},
    NUMBER = {1},
     PAGES = {114--165},
      ISSN = {2299-3274},
   MRCLASS = {53C23 (51F30)},
  MRNUMBER = {4141370},
MRREVIEWER = {Bo\.{z}ena\ Pi\polhk{a}tek},
       DOI = {10.1515/agms-2020-0111},
       URL = {https://doi.org/10.1515/agms-2020-0111},
}


@MISC {bilokopytov,
    TITLE = {Is it possible to connect every compact set?},
    AUTHOR = {Bilokopytov, E.},
    HOWPUBLISHED = {MathOverflow},
    %NOTE = {URL:https://mathoverflow.net/q/359390 (version: 2020-05-05)},
    EPRINT = {https://mathoverflow.net/q/359390},
    URL = {https://mathoverflow.net/q/359390}
}
